

@misc{inotify,
title = {},
url = {https://man7.org/linux/man-pages/man7/inotify.7.html},
note = {(дата обращения: 29.02.2024)}
}

@book{kerrisk2010linux,
  title={The Linux programming interface: a Linux and UNIX system programming handbook},
  author={Kerrisk, Michael},
  year={2010},
  publisher={No Starch Press},
  language = {english},
  note = {(дата обращения: 29.02.2024)}
}

@misc{fsnotify,
title = {},
url = {https://pkg.go.dev/github.com/fsnotify/fsnotify},
note = {(дата обращения: 29.02.2024)}
}

@misc{fanotify,
title = {},
url = {https://man7.org/linux/man-pages/man7/fanotify.7.html},
note = {(дата обращения: 29.02.2024)}
}

@misc{tup,
title = {},
url = {https://gittup.org/tup/manual.html},
note = {(дата обращения: 29.02.2024)}
}

@misc{linuxmagazine,
title = {},
url = {https://www.linux-magazine.com/Issues/2017/194/Core-Technologies},
note = {(дата обращения: 29.02.2024)}
}

@misc{testify,
title = {},
url = {https://github.com/stretchr/testify},
note = {(дата обращения: 29.02.2024)}
}


@misc{goapichannels,
title = {},
url = {https://inconshreveable.com/07-08-2014/principles-of-designing-go-apis-with-channels/},
note = {(дата обращения: 29.02.2024)}
}

@misc{golangunix,
title = {},
url = {https://pkg.go.dev/golang.org/x/sys/unix},
note = {(дата обращения: 29.02.2024)}
}

@misc{uuid,
title = {},
url = {https://pkg.go.dev/github.com/google/uuid},
note = {(дата обращения: 29.02.2024)}
}

@misc{effectivego,
title = {},
url = {https://go.dev/doc/effective_go},
note = {(дата обращения: 29.02.2024)}
}
