

@misc{Cytoscapejs,
title = {Документация библиотки Cytoscape.js[Электронный ресурс]},
url = {https://js.cytoscape.org},
note = {(дата обращения: 18.12.2023)}
}


@article{Eades,
 author = {Eades, Peter },
 journal = {Congressus numerantium},
 year = {1984},
 pages = {149--160},
 title = {A heuristic for graph drawing},
 language = {english},
note = {(дата обращения: 26.11.2023)}
}


@article{FR,
 author = {Fruchterman, Thomas and Reingold, Edward},
 journal = {Software - Practice and Experience},
 year = {1991},
 pages = {1129--1164},
 title = {Graph Drawing by Force-directed Placement},
 language = {english},
note = {(дата обращения: 28.11.2023)}
}


@article{KK,
 author = {Kamada, Tomihisa and  Kawai, Satoru},
 journal = {Information Processing Letters}, 
 year = {1989},
 pages = {7--15},
 title = {An algorithm for drawing general undirected graphs},
 language = {english},
 note = {(дата обращения: 10.12.2023)}
}

@misc{FloydWarshall,
  title = {Алгоритм Флойда},
  url = {https://neerc.ifmo.ru/wiki/index.php?title=Алгоритм_Флойда},
  note = {(дата обращения: 28.12.2023)}
}

@misc{VKAPI,
title = {Документация VK API [Электронный ресурс]},
url = {https://dev.vk.com/ru/api/overview},
note = {(дата обращения: 15.12.2023)}
}

@misc{JSON,
title = {Документация JSON [Электронный ресурс]},
url = {https://www.json.org/json-en.html},
note = {(дата обращения: 15.12.2023)}
}

